% If there are conflict labels, more complex labels should be assigned
%	by adding initials letters of the journal name,
%	the last name of the last colaberator,
%	or the first few words of the title.

