@preamble{ "\newcommand{\noopsort}[1]{} "
	# "\newcommand{\printfirst}[2]{#1} "
	# "\newcommand{\singleletter}[1]{#1} "
	# "\newcommand{\switchargs}[2]{#2#1} "} 	#\DeclareNameAlias{sortname}{first-last}
	


@article{gray1997data,
  title={Data cube: A relational aggregation operator generalizing group-by, cross-tab, and sub-totals},
  author={Gray, Jim and Chaudhuri, Surajit and Bosworth, Adam and Layman, Andrew and Reichart, Don and Venkatrao, Murali and Pellow, Frank and Pirahesh, Hamid},
  journal={Data Mining and Knowledge Discovery},
  volume={1},
  number={1},
  pages={29--53},
  year={1997},
  publisher={Springer}
}

@article{dehne2002parallelizing,
  title={Parallelizing the data cube},
  author={Dehne, Frank and Eavis, Todd and Hambrusch, Susanne and Rau-Chaplin, Andrew},
  journal={Distributed and Parallel Databases},
  volume={11},
  number={2},
  pages={181--201},
  year={2002},
  publisher={Springer}
}

@inproceedings{ross1997fast,
  title={Fast computation of sparse datacubes},
  author={Ross, Kenneth A and Srivastava, Divesh},
  booktitle={VLDB},
  volume={97},
  pages={25--29},
  year={1997},
  organization={Citeseer}
}

@inproceedings{xin2003star,
  title={Star-cubing: Computing iceberg cubes by top-down and bottom-up integration},
  author={Xin, Dong and Han, Jiawei and Li, Xiaolei and Wah, Benjamin W},
  booktitle={Proceedings of the 29th international conference on Very large data bases-Volume 29},
  pages={476--487},
  year={2003},
  organization={VLDB Endowment}
}

@article{beyer1999bottom,
  title={Bottom-up computation of sparse and iceberg cube},
  author={Beyer, Kevin and Ramakrishnan, Raghu},
  journal={ACM SIGMOD Record},
  volume={28},
  number={2},
  pages={359--370},
  year={1999},
  publisher={ACM}
}

@inproceedings{agarwal1996computation,
  title={On the computation of multidimensional aggregates},
  author={Agarwal, Sameet and Agrawal, Rakesh and Deshpande, Prasad M and Gupta, Ashish and Naughton, Jeffrey F and Ramakrishnan, Raghu and Sarawagi, Sunita},
  booktitle={VLDB},
  volume={96},
  pages={506--521},
  year={1996}
}

@inproceedings{ng2001iceberg,
  title={Iceberg-cube computation with PC clusters},
  author={Ng, Raymond T and Wagner, Alan and Yin, Yu},
  booktitle={ACM SIGMOD Record},
  volume={30},
  number={2},
  pages={25--36},
  year={2001},
  organization={ACM}
}

@inproceedings{zhao1997array,
  title={An array-based algorithm for simultaneous multidimensional aggregates},
  author={Zhao, Yihong and Deshpande, Prasad M and Naughton, Jeffrey F},
  booktitle={ACM SIGMOD Record},
  volume={26},
  number={2},
  pages={159--170},
  year={1997},
  organization={ACM}
}

@inproceedings{harinarayan1996implementing,
  title={Implementing data cubes efficiently},
  author={Harinarayan, Venky and Rajaraman, Anand and Ullman, Jeffrey D},
  booktitle={ACM SIGMOD Record},
  volume={25},
  number={2},
  pages={205--216},
  year={1996},
  organization={ACM}
}

@article{kamatdistributed,
  title={Distributed and Interactive Cube Exploration},
  author={Kamat, Niranjan and Jayachandran, Prasanth and Tunga, Karthik and Nandi, Arnab}
}


@article{nandi2012data,
  title={Data cube materialization and mining over mapreduce},
  author={Nandi, Arnab and Yu, Cong and Bohannon, Philip and Ramakrishnan, Raghu},
  journal={Knowledge and Data Engineering, IEEE Transactions on},
  volume={24},
  number={10},
  pages={1747--1759},
  year={2012},
  publisher={IEEE}
}

@inproceedings{wang2010mapreducemerge,
  title={A mapreducemerge-based data cube construction method},
  author={Wang, Yuxiang and Song, Aibo and Luo, Junzhou},
  booktitle={Grid and Cooperative Computing (GCC), 2010 9th International Conference on},
  pages={1--6},
  year={2010},
  organization={IEEE}
}


@inproceedings{abello2011building,
  title={Building cubes with MapReduce},
  author={Abell{\'o}, Alberto and Ferrarons, Jaume and Romero, Oscar},
  booktitle={Proceedings of the ACM 14th international workshop on Data Warehousing and OLAP},
  pages={17--24},
  year={2011},
  organization={ACM}
}

@inproceedings{you2008parallel,
  title={A parallel algorithm for closed cube computation},
  author={You, Jinguo and Xi, Jianqing and Zhang, Pingjian},
  booktitle={Computer and Information Science, 2008. ICIS 08. Seventh IEEE/ACIS International Conference on},
  pages={95--99},
  year={2008},
  organization={IEEE}
}

@inproceedings{sergey2009applying,
  title={Applying map-reduce paradigm for parallel closed cube computation},
  author={Sergey, Kuznecov and Yury, Kudryavcev},
  booktitle={Advances in Databases, Knowledge, and Data Applications, 2009. DBKDA'09. First International Conference on},
  pages={62--67},
  year={2009},
  organization={IEEE}
}

@inproceedings{nandi2011distributed,
  title={Distributed cube materialization on holistic measures},
  author={Nandi, Arnab and Yu, Cong and Bohannon, Philip and Ramakrishnan, Raghu},
  booktitle={Data Engineering (ICDE), 2011 IEEE 27th International Conference on},
  pages={183--194},
  year={2011},
  organization={IEEE}
}

@inproceedings{tao2013minimal,
  title={Minimal mapreduce algorithms},
  author={Tao, Yufei and Lin, Wenqing and Xiao, Xiaokui},
  booktitle={Proceedings of the 2013 international conference on Management of data},
  pages={529--540},
  year={2013},
  organization={ACM}
}

@article{wang2013scalable,
  title={Scalable Data Cube Analysis over Big Data},
  author={Wang, Zhengkui and Chu, Yan and Tan, Kian-Lee and Agrawal, Divyakant and Abbadi, Amr EI and Xu, Xiaolong},
  journal={arXiv preprint arXiv:1311.5663},
  year={2013}
}

@incollection{lee2012efficient,
  title={Efficient distributed parallel top-down computation of ROLAP data cube using mapreduce},
  author={Lee, Suan and Kim, Jinho and Moon, Yang-Sae and Lee, Wookey},
  booktitle={Data Warehousing and Knowledge Discovery},
  pages={168--179},
  year={2012},
  publisher={Springer}
}

@inproceedings{chen2008parallel,
  title={Parallel evaluation of composite aggregate queries},
  author={Chen, Lei and Olston, Christopher and Ramakrishnan, Raghu},
  booktitle={Data Engineering, 2008. ICDE 2008. IEEE 24th International Conference on},
  pages={218--227},
  year={2008},
  organization={IEEE}
}


@article{dehne2006cgmcube,
  title={The cgmCUBE project: Optimizing parallel data cube generation for ROLAP},
  author={Dehne, Frank and Eavis, Todd and Rau-Chaplin, Andrew},
  journal={Distributed and Parallel Databases},
  volume={19},
  number={1},
  pages={29--62},
  year={2006},
  publisher={Springer}
}

@inproceedings{chen2003parallel,
  title={Parallel ROLAP data cube construction on shared-nothing multiprocessors},
  author={Chen, Ying and Dehne, Frank and Eavis, Todd and Rau-Chaplin, Andrew},
  booktitle={Parallel and Distributed Processing Symposium, 2003. Proceedings. International},
  pages={10--pp},
  year={2003},
  organization={IEEE}
}

@inproceedings{jin2011parallel,
  title={Parallel Data Cube Construction Based on an Extendible Multidimensional Array},
  author={Jin, Dong and Tsuji, Tatsuo},
  booktitle={Trust, Security and Privacy in Computing and Communications (TrustCom), 2011 IEEE 10th International Conference on},
  pages={1139--1145},
  year={2011},
  organization={IEEE}
}

@inproceedings{cuzzocrea2013data,
  title={Data warehousing and OLAP over big data: current challenges and future research directions},
  author={Cuzzocrea, Alfredo and Bellatreche, Ladjel and Song, Il-Yeol},
  booktitle={Proceedings of the sixteenth international workshop on Data warehousing and OLAP},
  pages={67--70},
  year={2013},
  organization={ACM}
}

@inproceedings{cuzzocrea2011analytics,
  title={Analytics over large-scale multidimensional data: the big data revolution!},
  author={Cuzzocrea, Alfredo and Song, Il-Yeol and Davis, Karen C},
  booktitle={Proceedings of the ACM 14th international workshop on Data Warehousing and OLAP},
  pages={101--104},
  year={2011},
  organization={ACM}
}

@inproceedings{cuzzocrea2013big,
  title={Big data: a research agenda},
  author={Cuzzocrea, Alfredo and Sacc{\`a}, Domenico and Ullman, Jeffrey D},
  booktitle={Proceedings of the 17th International Database Engineering \& Applications Symposium},
  pages={198--203},
  year={2013},
  organization={ACM}
}


@article{gates2009building,
  title={Building a high-level dataflow system on top of Map-Reduce: the Pig experience},
  author={Gates, Alan F and Natkovich, Olga and Chopra, Shubham and Kamath, Pradeep and Narayanamurthy, Shravan M and Olston, Christopher and Reed, Benjamin and Srinivasan, Santhosh and Srivastava, Utkarsh},
  journal={Proceedings of the VLDB Endowment},
  volume={2},
  number={2},
  pages={1414--1425},
  year={2009},
  publisher={VLDB Endowment}
}




%%%%%%%%%%%%%%%%%%%%%%%%%%%%%%%%%%%%%%%%%%%%%%%%%%%%%%%%%%%%%%%%%%%%
@ARTICLE{article-full,
   author = {harry potter},
   title = {hello world},
   journal = {\mbox{G-Animal's} Journal},
   year = 1986,
}

@ARTICLE{article-minimal,
   author = {L[eslie] A. Aamport},
   title = {The Gnats and Gnus Document Preparation System},
   journal = {\mbox{G-Animal's} Journal},
   year = 1986,
   volume = 41,
   number = 7,
   pages = "73+",
   month = jul,
   note = "This is a full ARTICLE entry",
}

The KEY field is here to override the KEY field in the journal being
cross referenced (so is the NOTE field, in addition to its imparting
information).

@ARTICLE{article-crossref,
   crossref = {WHOLE-JOURNAL},
   key = "",
   author = {L[eslie] A. Aamport},
   title = {The Gnats and Gnus Document Preparation System},
   pages = "73+",
   note = "This is a cross-referencing ARTICLE entry",
}

@ARTICLE{whole-journal,
   key = "GAJ",
   journal = {\mbox{G-Animal's} Journal},
   year = 1986,
   volume = 41,
   number = 7,
   month = jul,
   note = {The entire issue is devoted to gnats and gnus
		(this entry is a cross-referenced ARTICLE (journal))},
}

@INBOOK{inbook-minimal,
   author = "Donald E. Knuth",
   title = "Fundamental Algorithms",
   publisher = "Addison-Wesley",
   year = "{\noopsort{1973b}}1973",
   chapter = "1.2",
}

@INBOOK{inbook-full,
   author = "Donald E. Knuth",
   title = "Fundamental Algorithms",
   volume = 1,
   series = "The Art of Computer Programming",
   publisher = "Addison-Wesley",
   address = "Reading, Massachusetts",
   edition = "Second",
   month = "10~" # jan,
   year = "{\noopsort{1973b}}1973",
   type = "Section",
   chapter = "1.2",
   pages = "10--119",
   note = "This is a full INBOOK entry",
}

@INBOOK{inbook-crossref,
   crossref = "whole-set",
   title = "Fundamental Algorithms",
   volume = 1,
   series = "The Art of Computer Programming",
   edition = "Second",
   year = "{\noopsort{1973b}}1973",
   type = "Section",
   chapter = "1.2",
   note = "This is a cross-referencing INBOOK entry",
}

@BOOK{book-minimal,
   author = "Donald E. Knuth",
   title = "Seminumerical Algorithms",
   publisher = "Addison-Wesley",
   year = "{\noopsort{1973c}}1981",
}

@BOOK{book-full,
   author = "Donald E. Knuth",
   title = "Seminumerical Algorithms",
   volume = 2,
   series = "The Art of Computer Programming",
   publisher = "Addison-Wesley",
   address = "Reading, Massachusetts",
   edition = "Second",
   month = "10~" # jan,
   year = "{\noopsort{1973c}}1981",
   note = "This is a full BOOK entry",
}

@BOOK{book-crossref,
   crossref = "whole-set",
   title = "Seminumerical Algorithms",
   volume = 2,
   series = "The Art of Computer Programming",
   edition = "Second",
   year = "{\noopsort{1973c}}1981",
   note = "This is a cross-referencing BOOK entry",
}

@BOOK{whole-set,
   author = "Donald E. Knuth",
   publisher = "Addison-Wesley",
   title = "The Art of Computer Programming",
   series = "Four volumes",
   year = "{\noopsort{1973a}}{\switchargs{--90}{1968}}",
   note = "Seven volumes planned (this is a cross-referenced set of BOOKs)",
}

@BOOKLET{booklet-minimal,
   key = "Kn{\printfirst{v}{1987}}",
   title = "The Programming of Computer Art",
}

@BOOKLET{booklet-full,
   author = "Jill C. Knvth",
   title = "The Programming of Computer Art",
   howpublished = "Vernier Art Center",
   address = "Stanford, California",
   month = feb,
   year = 1988,
   note = "This is a full BOOKLET entry",
}

@INCOLLECTION{incollection-minimal,
   author = "Daniel D. Lincoll",
   title = "Semigroups of Recurrences",
   booktitle = "High Speed Computer and Algorithm Organization",
   publisher = "Academic Press",
   year = 1977,
}

@INCOLLECTION{incollection-full,
   author = "Daniel D. Lincoll",
   title = "Semigroups of Recurrences",
   editor = "David J. Lipcoll and D. H. Lawrie and A. H. Sameh",
   booktitle = "High Speed Computer and Algorithm Organization",
   number = 23,
   series = "Fast Computers",
   chapter = 3,
   type = "Part",
   pages = "179--183",
   publisher = "Academic Press",
   address = "New York",
   edition = "Third",
   month = sep,
   year = 1977,
   note = "This is a full INCOLLECTION entry",
}

@INCOLLECTION{incollection-crossref,
   crossref = "whole-collection",
   author = "Daniel D. Lincoll",
   title = "Semigroups of Recurrences",
   pages = "179--183",
   note = "This is a cross-referencing INCOLLECTION entry",
}

@BOOK{whole-collection,
   editor = "David J. Lipcoll and D. H. Lawrie and A. H. Sameh",
   title = "High Speed Computer and Algorithm Organization",
   booktitle = "High Speed Computer and Algorithm Organization",
   number = 23,
   series = "Fast Computers",
   publisher = "Academic Press",
   address = "New York",
   edition = "Third",
   month = sep,
   year = 1977,
   note = "This is a cross-referenced BOOK (collection) entry",
}

@MANUAL{manual-minimal,
   key = "Manmaker",
   title = "The Definitive Computer Manual",
}

@MANUAL{manual-full,
   author = "Larry Manmaker",
   title = "The Definitive Computer Manual",
   organization = "Chips-R-Us",
   address = "Silicon Valley",
   edition = "Silver",
   month = apr # "-" # may,
   year = 1986,
   note = "This is a full MANUAL entry",
}

@MASTERSTHESIS{mastersthesis-minimal,
   author = "{\'{E}}douard Masterly",
   title = "Mastering Thesis Writing",
   school = "Stanford University",
   year = 1988,
}

@MASTERSTHESIS{mastersthesis-full,
   author = "{\'{E}}douard Masterly",
   title = "Mastering Thesis Writing",
   school = "Stanford University",
   type = "Master's project",
   address = "English Department",
   month = jun # "-" # aug,
   year = 1988,
   note = "This is a full MASTERSTHESIS entry",
}

@MISC{misc-minimal,
   key = "Missilany",
   note = "This is a minimal MISC entry",
}

@MISC{misc-full,
   author = "Joe-Bob Missilany",
   title = "Handing out random pamphlets in airports",
   howpublished = "Handed out at O'Hare",
   month = oct,
   year = 1984,
   note = "This is a full MISC entry",
}

@STRING{STOC-key = "OX{\singleletter{stoc}}"}

@STRING{ACM = "The OX Association for Computing Machinery"}

@STRING{STOC = " Symposium on the Theory of Computing"}

@INPROCEEDINGS{inproceedings-minimal,
   author = "Alfred V. Oaho and Jeffrey D. Ullman and Mihalis Yannakakis",
   title = "On Notions of Information Transfer in {VLSI} Circuits",
   booktitle = "Proc. Fifteenth Annual ACM" # STOC,
   year = 1983,
}

@INPROCEEDINGS{inproceedings-full,
   author = "Alfred V. Oaho and Jeffrey D. Ullman and Mihalis Yannakakis",
   title = "On Notions of Information Transfer in {VLSI} Circuits",
   editor = "Wizard V. Oz and Mihalis Yannakakis",
   booktitle = "Proc. Fifteenth Annual ACM" # STOC,
   number = 17,
   series = "All ACM Conferences",
   pages = "133--139",
   month = mar,
   year = 1983,
   address = "Boston",
   organization = ACM,
   publisher = "Academic Press",
   note = "This is a full INPROCEDINGS entry",
}

@INPROCEEDINGS{inproceedings-crossref,
   crossref = "whole-proceedings",
   author = "Alfred V. Oaho and Jeffrey D. Ullman and Mihalis Yannakakis",
   title = "On Notions of Information Transfer in {VLSI} Circuits",
   organization = "",
   pages = "133--139",
   note = "This is a cross-referencing INPROCEEDINGS entry",
}

@PROCEEDINGS{proceedings-minimal,
   key = STOC-key,
   title = "Proc. Fifteenth Annual" # STOC,
   year = 1983,
}

@PROCEEDINGS{proceedings-full,
   editor = "Wizard V. Oz and Mihalis Yannakakis",
   title = "Proc. Fifteenth Annual" # STOC,
   number = 17,
   series = "All ACM Conferences",
   month = mar,
   year = 1983,
   address = "Boston",
   organization = ACM,
   publisher = "Academic Press",
   note = "This is a full PROCEEDINGS entry",
}

@PROCEEDINGS{whole-proceedings,
   key = STOC-key,
   organization = ACM,
   title = "Proc. Fifteenth Annual" # STOC,
   address = "Boston",
   year = 1983,
   booktitle = "Proc. Fifteenth Annual ACM" # STOC,
   note = "This is a cross-referenced PROCEEDINGS",
}

@PHDTHESIS{phdthesis-minimal,
   author = "F. Phidias Phony-Baloney",
   title = "Fighting Fire with Fire: Festooning {F}rench Phrases",
   school = "Fanstord University",
   year = 1988,
}

@PHDTHESIS{phdthesis-full,
   author = "F. Phidias Phony-Baloney",
   title = "Fighting Fire with Fire: Festooning {F}rench Phrases",
   school = "Fanstord University",
   type = "{PhD} Dissertation",
   address = "Department of French",
   month = jun # "-" # aug,
   year = 1988,
   note = "This is a full PHDTHESIS entry",
}

@TECHREPORT{techreport-minimal,
   author = "Tom Terrific",
   title = "An {$O(n \log n / \! \log\log n)$} Sorting Algorithm",
   institution = "Fanstord University",
   year = 1988,
}

@TECHREPORT{techreport-full,
   author = "Tom T{\'{e}}rrific",
   title = "An {$O(n \log n / \! \log\log n)$} Sorting Algorithm",
   institution = "Fanstord University",
   type = "Wishful Research Result",
   number = "7",
   address = "Computer Science Department, Fanstord, California",
   month = oct,
   year = 1988,
   note = "This is a full TECHREPORT entry",
}

@UNPUBLISHED{unpublished-minimal,
   author = "Ulrich {\"{U}}nderwood and Ned {\~N}et and Paul {\={P}}ot",
   title = "Lower Bounds for Wishful Research Results",
   note = "Talk at Fanstord University (this is a minimal UNPUBLISHED entry)",
}

@UNPUBLISHED{unpublished-full,
   author = "Ulrich {\"{U}}nderwood and Ned {\~N}et and Paul {\={P}}ot",
   title = "Lower Bounds for Wishful Research Results",
   month = nov # ", " # dec,
   year = 1988,
   note = "Talk at Fanstord University (this is a full UNPUBLISHED entry)",
}

@MISC{random-note-crossref,
   key = {Volume-2},
   note = "Volume~2 is listed under Knuth \cite{book-full}"
}
